<record><leader>00000cas a22000007a 4500</leader><controlfield tag="001">12282624</controlfield><controlfield tag="008">850719d187u1873mouwr ne      0    0eng d</controlfield><datafield ind1=" " ind2=" " tag="010"><subfield code="a">sn 85033830 </subfield></datafield><datafield ind1=" " ind2=" " tag="040"><subfield code="a">NPU</subfield><subfield code="b">eng</subfield><subfield code="c">NPU</subfield><subfield code="d">MQN</subfield><subfield code="d">OCLCQ</subfield></datafield><datafield ind1=" " ind2=" " tag="042"><subfield code="a">msc</subfield></datafield><datafield ind1="0" ind2=" " tag="130"><subfield code="a">Boonville advertiser (Boonville, Mo. : 1872)</subfield></datafield><datafield ind1="1" ind2="0" tag="245"><subfield code="a">Boonville advertiser.</subfield></datafield><datafield ind1=" " ind2=" " tag="260"><subfield code="a">Boonville, Mo. :</subfield><subfield code="b">J.G. Pangborn</subfield></datafield><datafield ind1=" " ind2=" " tag="300"><subfield code="a">v.</subfield></datafield><datafield ind1=" " ind2=" " tag="310"><subfield code="a">Weekly</subfield></datafield><datafield ind1="0" ind2=" " tag="362"><subfield code="a">-v. 12, no. 20 (Nov. 7, 1873).</subfield></datafield><datafield ind1=" " ind2=" " tag="588"><subfield code="a">Description based on: Vol. 11, no. 19 (Oct. 25, 1872).</subfield></datafield><datafield ind1=" " ind2="4" tag="651"><subfield code="a">Cooper County (Mo.)</subfield><subfield code="v">Newspapers.</subfield></datafield><datafield ind1=" " ind2="4" tag="651"><subfield code="a">Boonville (Mo.)</subfield><subfield code="v">Newspapers.</subfield></datafield><datafield ind1=" " ind2=" " tag="752"><subfield code="a">United States</subfield><subfield code="b">Missouri</subfield><subfield code="c">Cooper</subfield><subfield code="d">Boonville.</subfield></datafield><datafield ind1="0" ind2="0" tag="780"><subfield code="t">Central Missouri advertiser</subfield><subfield code="w">(DLC)sn 89066426</subfield></datafield><datafield ind1="0" ind2="0" tag="785"><subfield code="t">Boonville Missouri advertiser</subfield><subfield code="w">(DLC)sn 89066427</subfield></datafield><datafield ind1="1" ind2=" " tag="029"><subfield code="a">AU@</subfield><subfield code="b">000020383545</subfield></datafield></record>